<record><leader>00000cas a22000007a 4500</leader><controlfield tag="001">20556760</controlfield><controlfield tag="008">891027d192819uumduwr ne      0    0eng d</controlfield><datafield ind1=" " ind2=" " tag="010"><subfield code="a">sn 89060230 </subfield></datafield><datafield ind1=" " ind2=" " tag="040"><subfield code="a">MFN</subfield><subfield code="b">eng</subfield><subfield code="c">MFN</subfield><subfield code="d">OCLCQ</subfield></datafield><datafield ind1=" " ind2=" " tag="042"><subfield code="a">msc</subfield></datafield><datafield ind1=" " ind2="4" tag="050"><subfield code="a">AN41.81.P7</subfield><subfield code="b">E2</subfield></datafield><datafield ind1="0" ind2="0" tag="245"><subfield code="a">Eastern shore Republican.</subfield></datafield><datafield ind1=" " ind2=" " tag="260"><subfield code="a">Princess Anne, Md. :</subfield><subfield code="b">Eastern Shore Republican, Inc.</subfield></datafield><datafield ind1=" " ind2=" " tag="300"><subfield code="a">v.</subfield></datafield><datafield ind1=" " ind2=" " tag="310"><subfield code="a">Weekly</subfield></datafield><datafield ind1="1" ind2=" " tag="362"><subfield code="a">Began in 1928?</subfield></datafield><datafield ind1=" " ind2=" " tag="500"><subfield code="a">Published at Marion Station, Md., Mar, 8, 1939-</subfield></datafield><datafield ind1=" " ind2=" " tag="588"><subfield code="a">Description based on: Vol. 8, no. 3 (Sept. 17, 1935).</subfield></datafield><datafield ind1=" " ind2=" " tag="752"><subfield code="a">United States</subfield><subfield code="b">Maryland</subfield><subfield code="c">Somerset</subfield><subfield code="d">Princess Anne.</subfield></datafield><datafield ind1=" " ind2=" " tag="752"><subfield code="a">United States</subfield><subfield code="b">Maryland</subfield><subfield code="c">Somerset</subfield><subfield code="d">Marion Station.</subfield></datafield></record>